@misc{ACMTemplate,
  title = {ACM Master Article Templates And Publication Workflow},
  author={Association for Computing Machinery},
  howpublished = {\url{https://www.acm.org/publications/taps/word-template-workflow}},
  note = {Accessed: 2020-07-09},
  year={2020}
}